01,SENDER,RECEIVER,260601,1200,FILE777,,,/
02,RCVR,ORIG,1,260601,1200,USD,/
03,ACC100,USD,010,375000,2,,/
16,142,500000,Z,BANKREF1,CUSTREF1,Payroll deposit/
88,from ACME Corp run 2026-06/
16,475,125000,Z,BANKREF2,,/
49,375000,4/
03,ACC200,EUR,010,500000,2,,/
16,301,200000,Z,BANKREF3,CUSTREF3,Branch deposit batch 88/
16,710,300000,Z,BANKREF4,,Loan advance/
49,500000,4/
98,875000,2,10/
02,RCVR,ORIG,1,260602,1200,GBP,/
03,ACC300,,010,75000,2,,/
16,905,999,Z,STATUSREF,,Intraday status marker/
88,status continuation that must be dropped/
16,501,75000,Z,BANKREF5,,/
49,75000,3/
98,75000,1,5/
99,950000,2,18/
